@book{machado2010formaccao,
  title={Formação Integrada do Trabalhador, A: Desafios de Um Campo em Construção},
  author={Machado, Maria Margarida and Oliveira, Joao Ferreira},
  publisher={Xam{\~a}},
  address = {S{\~a}o Paulo, SP},
  edition = {1},
  year={2010}
}

@article{moura2010relaccao,
  title={A rela{\c{c}}{\~a}o entre a educa{\c{c}}{\~a}o profissional e a educa{\c{c}}{\~a}o b{\'a}sica na CONAE 2010: possibilidades e limites para a constru{\c{c}}{\~a}o do novo Plano Nacional de Educa{\c{c}}{\~a}o},
  author={Moura, Dante Henrique},
  journal={Educa{\c{c}}{\~a}o \& Sociedade},
  volume={31},
  pages={875--894},
  year={2010},
  publisher={SciELO Brasil}
}

@incollection{frigotto2005ensino,
  title={Ensino m{\'e}dio integrado: concep{\c{c}}{\~a}o e contradi{\c{c}}{\~o}es},
  author={Frigotto, Gaud{\^e}ncio and Ciavatta, Maria and Ramos, Marise and Ferreira, Eliza Bartolozzi and Garcia, Sandra and Corr{\^e}a, Vera},
  booktitle={Ensino m{\'e}dio integrado: concep{\c{c}}{\~a}o e contradi{\c{c}}{\~o}es},
  publisher = {Ed. Cortez},
  edition = {3},
  address = {São Paulo, SP},
  pages={175--175},
  year={2005}
}

@article{ciavatta2014ensino,
  title={The integrated education, the polytechnic and the omnilateral education. Why do we fight?},
  author={Ciavatta, Maria},
  journal={Trabalho \& Educa{\c{c}}{\~a}o},
  volume={23},
  number={1},
  pages={187--205},
  year={2014}
}

@article{de2016educaccao,
  title={Educa{\c{c}}{\~a}o profissional e forma{\c{c}}{\~a}o integrada do trabalhador na legisla{\c{c}}{\~a}o brasileira: avan{\c{c}}os, retrocessos e desafios},
  author={de Freitas Amorim, Rodrigo},
  journal={Revista Brasileira da Educa{\c{c}}{\~a}o Profissional e Tecnol{\'o}gica},
  volume={1},
  number={10},
  pages={12--21},
  year={2016}
}

@book{minayo2000desafio,
  title={O Desafio do Conhecimento: pesquisa qualitativa em saúde},
  author={Minayo, Maria Cecília de Souza },
  publisher={Hucitec},
  address ={São Paulo, SP},
  edition={1},
  year={2014}
}

@article{souza2003novas,
  title={New analytical prospects in research on environment: The theory of Social Representations and the qualitative technique of data triangulation},
  author={Souza, Dilmara Ver{\'\i}ssimo de and Zioni, Fabiola},
  journal={Sa{\'u}de e Sociedade},
  volume={12},
  pages={76--85},
  year={2003},
  publisher={SciELO Brasil}
}

@book{gil2008metodos,
  title={M{\'e}todos e t{\'e}cnicas de pesquisa social},
  author={Gil, Antonio Carlos},
  year={2008},
  publisher={Atlas},
  edition= {6},
  address = {Barueri, São Paulo}
}

@book{prodanov2013metodologia,
  title={Metodologia do Trabalho Científico: Métodos e Técnicas da Pesquisa e do Trabalho Acadêmico},
  author={Prodanov, Cleber Cristiano and De Freitas, Ernani Cesar},
  year={2013},
  publisher={Feevale},
  address = {Novo Hamburgo, RS},
  edition = {2}
}

@article{bardin2011content,
  title={Content analysis},
  author={Bardin, Laurence},
  journal={S{\~a}o Paulo: Edi{\c{c}}{\~o}es},
  volume={70},
  number={279},
  pages={978--8562938047},
  year={2011}
}

@book{marconi2003fundamentos,
  title={Fundamentos de metodologia cient{\'\i}fica},
  author={lakatos, Eva Maria and Marconi, Marina de Andrade},
  year={2003},
  publisher={Atlas},
  address = {Barueri, SP},
  edition= {5}
}

@techreport{goias2038,
title = {Plano de Desenvolvimento Econômico Integrado - Goiás 2038},
author = {Goiás},
institution = {Secretaria de Estado de Desenvolvimento e Inovação},
url ={https://www.desenvolvimento.go.gov.br/os-transparencia/24-area-de-atuacao/2253-goias-2038.html},
year ={2018}
}


@misc{ibge2020,
    author       = {IBGE},
    institution = {Brazilian Institute of Geography and Statistics},
    title        = {Terrirorial grid - shape files},
    year         = 2020,
    publisher    = {IBGE},
    url          = {https://www.ibge.gov.br/geociencias/organizacao-do-territorio/malhas-territoriais/15774-malhas.html}
}

@book{harari2018sapiens,
  title={Sapiens: a brief history of humankind by Yuval Noah Harari},
  author={Harari, Yuval Noah},
  year={2018},
  address = {California - US},
  publisher={HarperCollins Publishers}
}

@book{fonseca2007historia,
  title={Hist{\'o}ria da computa{\c{c}}{\~a}o: O Caminho do Pensamento e da Tecnologia},
  author={Fonseca Filho, Cl{\'e}uzio},
  year={2007},
  address = {Porto Alegre - RS -Brasil},
  publisher={EdiPucRS}
}

@inproceedings{educompA,
 author = {Ecivaldo Matos and Claudia Coutinho and Euma Santos and Juliana dos Santos and Leonardo Azevedo and Gracielle Tavares and Diego Zabot},
 title = {Desenvolvendo e descobrindo competências no currículo escolar por meio do Raciocínio Computacional},
 booktitle = {Anais do Simpósio Brasileiro de Educação em Computação},
 location = {On-line},
 year = {2021},
 keywords = {},
 issn = {0000-0000},
 pages = {255--262},
 publisher = {SBC},
 address = {Porto Alegre, RS, Brasil},
 doi = {10.5753/educomp.2021.14492},
 url = {https://sol.sbc.org.br/index.php/educomp/article/view/14492}
}


@inproceedings{duran2018towards,
  title={Towards an analysis of program complexity from a cognitive perspective},
  author={Duran, Rodrigo and Sorva, Juha and Leite, Sofia},
  booktitle={Proceedings of the 2018 ACM Conference on International Computing Education Research},
  pages={21--30},
  publisher = {ACM Digital Library},
  address = {USA},
  year={2018}
}

@phdthesis{massa2021docentes,
  title = {Docentes de Computa{\c{c}}{\~a}o: media{\c{c}}{\~a}o did{\'a}tica e pr{\'a}tica profissional},
  author = {Massa, M{\^o}nica de Souza},
  year = {2021},
  school = {Universidade Federal da Bahia},
  note = {Faculdade de Educa{\c{c}}{\~a}o}
}

@phdthesis{phdthesis,
  author       = {Peter Joslin}, 
  title        = {The title of the work},
  school       = {The school of the thesis},
  year         = 1993,
  address      = {The address of the publisher},
  month        = 7,
  note         = {An optional note}
}

@book{brookshear2013ciencia,
  title={Ci{\^e}ncia da Computa{\c{c}}{\~a}o-: Uma Vis{\~a}o Abrangente},
  author={Brookshear, J. Glenn},
  year={2013},
  address = {São Paulo- Brazil},
  publisher={Bookman Editora}
}

@article{hornburg2007teorias,
  title={Teorias sobre curr{\'\i}culo: uma an{\'a}lise para compreens{\~a}o e mudan{\c{c}}a},
  author={Hornburg, Nice and Silva, Rubia da},
  journal={Revista de divulga{\c{c}}{\~a}o t{\'e}cnico-cient{\'\i}fica do ICPG},
  volume={3},
  number={10},
  pages={61--66},
  year={2007}
}

@book{freire2002pedagogia,
  title={Pedagogia da Autonomia: saberes necess{\'a}rios {\`a} pr{\'a}tica educativa},
  publisher = {Paz e Terra},
  author={Freire, Paulo},
  address = {São Paulo - Brazil},
  year={2002}
}

@book{gimeno2000curriculo,
  title={O currículo: uma reflexão sobre a prática},
  note = {translated to portuguese by Ernani F. da Fonseca Rosa},
  author={Sacristan, José Gimeno},
  publisher={Penso},
  edition ={3},
  address = {Porto Alegre - Brazil},
  year={2000}
}

@article{de2010curriculo,
  title={Curr{\'\i}culo, cultura e cotidiano--algumas notas a partir de estudos das forma{\c{c}}{\~o}es curriculares na contemporaneidade},
  author={de Souza, Maria Inez Salgado},
  journal={Cole{\c{c}}{\~a}o Did{\'a}tica},
  pages={39},
  year={2010}
}

@incollection{souza2010,
  author    = "Souza, Maria Inez Salgado",
  title     = "Currículo, Cultura e Cotidiano: Algumas Notas a Partir de Estudos das Formações Curriculares na Contemporaneidade",
  booktitle = "Coleção Didática e Prática de Ensino",
  publisher = "XV ENDIPE",
  year      = "2010",
  pages     = "39-48",
  address   = {Brazil},
  note      = "Textos selecionados do XV ENDIPE – Encontro Nacional de Didática e Prática de Ensino realizado na UFMG, no período de 20 a 23 de abril de 2010",
  annote    = ""
}

@techreport{capes2019,
  author      = "Brazil",
  title       = "Documento de Área - Área 02: Ciência da Computação",
  institution = "CAPES",
  year        = "2019",
  note        = "Ministério da Educação (MEC) - Coordenação de Aperfeiçoamento de Pessoal de Nível Superior (CAPES) - Diretoria de Avaliação (DAV)",
  annote      = "https://www.gov.br/capes/pt-br/centrais-de-conteudo/ccomp-pdf"
}

@techreport{sbc2019,
  author      = "Zorzo, Avelino	F. and others",
  title       = "Referenciais de Formação para os Cursos de Graduação em Computação",
  institution = "Sociedade Brasileira de Computação - SBC",
  year        = "2017",
  note        = "Com base nas Diretrizes Curriculares Nacionais homologadas pela Resolução Nº 05 de
16/11/2016", 
  annote      = "153p"
}

@techreport{dcn2016,
  author      = "Brazil",
  title       = "Resolução CNE/CES, 5, de 16 de novembro de 2016",
  institution = "Ministério da Educação e Cultura. Conselho Nacional de Educação. Câmara de Educação
Superior.",
  year        = "2016"
}

@misc{lei2008,
  author       = "Brazil",
  title        = "Lei nº 11.892, de 29 de dezembro de 2008",
  howpublished = "Diário Oficial da união",
  year         = "2008",
  note         = "Institui a Rede Federal de Educação
Profissional, Científica e Tecnológica, cria os Institutos Federais de Educação, Ciência e Tecnologia, e
dá outras providências"
}